<?xml version="1.0" ?>
<?xml-stylesheet type="text/xsl" href="/fast/xsl/searchRetrieveResponse.xsl"?>
<searchRetrieveResponse xmlns:xsi="http://www.w3.org/2001/XMLSchema-instance"
                        xsi:schemaLocation="http://www.loc.gov/zing/srw/ http://www.loc.gov/standards/sru/sru1-1archive/xml-files/srw-types.xsd"
                        xmlns:srw="http://www.loc.gov/zing/srw/">
    <version>1.1</version>
    <numberOfRecords>8098</numberOfRecords>
    <resultSetId>4k06lx</resultSetId>
    <resultSetIdleTime>300</resultSetIdleTime>
    <records xmlns:ns1="http://www.loc.gov/zing/srw/">
        <record>
            <recordSchema>default</recordSchema>
            <recordPacking>xml</recordPacking>
            <recordData>
                <mx:record xmlns="http://www.w3.org/TR/xhtml1/strict" xmlns:mx="http://www.loc.gov/MARC21/slim">

                    <mx:leader>00000nz a2200037n 45 0</mx:leader>
                    <mx:controlfield tag="001">fst02029022</mx:controlfield>
                    <mx:controlfield tag="003">OCoLC</mx:controlfield>
                    <mx:controlfield tag="005">20210813135256.0</mx:controlfield>
                    <mx:controlfield tag="008">210813i| anznnbabn || ana d</mx:controlfield>
                    <mx:datafield ind1="7" ind2=" " tag="016">
                        <mx:subfield code="a">fst02029022</mx:subfield>
                        <mx:subfield code="2">OCoLC</mx:subfield>
                    </mx:datafield>
                    <mx:datafield ind1="7" ind2=" " tag="024">
                        <mx:subfield code="a">http://id.worldcat.org/fast/2029022</mx:subfield>
                        <mx:subfield code="2">uri</mx:subfield>
                    </mx:datafield>
                    <mx:datafield ind1=" " ind2=" " tag="040">
                        <mx:subfield code="a">OCoLC</mx:subfield>
                        <mx:subfield code="b">eng</mx:subfield>
                        <mx:subfield code="c">OCoLC</mx:subfield>
                        <mx:subfield code="f">fast</mx:subfield>
                    </mx:datafield>
                    <mx:datafield ind1=" " ind2=" " tag="151">
                        <mx:subfield code="a">India</mx:subfield>
                        <mx:subfield code="z">New Delhi</mx:subfield>
                        <mx:subfield code="z">Tughlakabad Fort (Fort)</mx:subfield>
                    </mx:datafield>
                    <mx:datafield ind1=" " ind2=" " tag="451">
                        <mx:subfield code="a">India</mx:subfield>
                        <mx:subfield code="z">New Delhi</mx:subfield>
                        <mx:subfield code="z">Fort of Tughlakabad</mx:subfield>
                    </mx:datafield>
                    <mx:datafield ind1=" " ind2=" " tag="451">
                        <mx:subfield code="a">India</mx:subfield>
                        <mx:subfield code="z">New Delhi</mx:subfield>
                        <mx:subfield code="z">Tughlaqabad Fort (Fort)</mx:subfield>
                    </mx:datafield>
                    <mx:datafield ind1=" " ind2=" " tag="551">
                        <mx:subfield code="a">India</mx:subfield>
                        <mx:subfield code="0">(OCoLC)fst01210276</mx:subfield>
                    </mx:datafield>
                    <mx:datafield ind1=" " ind2="0" tag="751">
                        <mx:subfield code="a">Tughlakabad Fort (New Delhi, India : Fort)</mx:subfield>
                        <mx:subfield code="0">(DLC)sh2021003896</mx:subfield>
                    </mx:datafield>

                </mx:record>
            </recordData>
            <recordPosition>1</recordPosition>
        </record>