
        <record>
            <recordSchema>default</recordSchema>
            <recordPacking>xml</recordPacking>
            <recordData>
                <mx:record xmlns="http://www.w3.org/TR/xhtml1/strict" xmlns:mx="http://www.loc.gov/MARC21/slim">

                    <mx:leader>00000nz a2200037n 45 0</mx:leader>
                    <mx:controlfield tag="001">fst02029021</mx:controlfield>
                    <mx:controlfield tag="003">OCoLC</mx:controlfield>
                    <mx:controlfield tag="005">20210813135256.0</mx:controlfield>
                    <mx:controlfield tag="008">210813i| anznnbabn || ana d</mx:controlfield>
                    <mx:datafield ind1="7" ind2=" " tag="016">
                        <mx:subfield code="a">fst02029021</mx:subfield>
                        <mx:subfield code="2">OCoLC</mx:subfield>
                    </mx:datafield>
                    <mx:datafield ind1="7" ind2=" " tag="024">
                        <mx:subfield code="a">http://id.worldcat.org/fast/2029021</mx:subfield>
                        <mx:subfield code="2">uri</mx:subfield>
                    </mx:datafield>
                    <mx:datafield ind1=" " ind2=" " tag="040">
                        <mx:subfield code="a">OCoLC</mx:subfield>
                        <mx:subfield code="b">eng</mx:subfield>
                        <mx:subfield code="c">OCoLC</mx:subfield>
                        <mx:subfield code="f">fast</mx:subfield>
                    </mx:datafield>
                    <mx:datafield ind1=" " ind2=" " tag="151">
                        <mx:subfield code="a">India</mx:subfield>
                        <mx:subfield code="z">S&#x301;ri&#x304;ran&#x307;gapat&#x323;t&#x323;an&#x323;a)</mx:subfield>
                        <mx:subfield code="z">Srirangapatna Fort</mx:subfield>
                    </mx:datafield>
                    <mx:datafield ind1=" " ind2=" " tag="451">
                        <mx:subfield code="a">India</mx:subfield>
                        <mx:subfield code="z">S&#x301;ri&#x304;ran&#x307;gapat&#x323;t&#x323;an&#x323;a)</mx:subfield>
                        <mx:subfield code="z">Srirangapatana Fort</mx:subfield>
                    </mx:datafield>
                    <mx:datafield ind1=" " ind2=" " tag="451">
                        <mx:subfield code="a">India</mx:subfield>
                        <mx:subfield code="z">S&#x301;ri&#x304;ran&#x307;gapat&#x323;t&#x323;an&#x323;a)</mx:subfield>
                        <mx:subfield code="z">Srirangapatnam Fort</mx:subfield>
                    </mx:datafield>
                    <mx:datafield ind1=" " ind2=" " tag="451">
                        <mx:subfield code="a">India</mx:subfield>
                        <mx:subfield code="z">S&#x301;ri&#x304;ran&#x307;gapat&#x323;t&#x323;an&#x323;a)</mx:subfield>
                        <mx:subfield code="z">Tipu Fort</mx:subfield>
                    </mx:datafield>
                    <mx:datafield ind1=" " ind2=" " tag="451">
                        <mx:subfield code="a">India</mx:subfield>
                        <mx:subfield code="z">S&#x301;ri&#x304;ran&#x307;gapat&#x323;t&#x323;an&#x323;a)</mx:subfield>
                        <mx:subfield code="z">Tipu Sultan's Fort</mx:subfield>
                    </mx:datafield>
                    <mx:datafield ind1=" " ind2=" " tag="451">
                        <mx:subfield code="a">India</mx:subfield>
                        <mx:subfield code="z">S&#x301;ri&#x304;ran&#x307;gapat&#x323;t&#x323;an&#x323;a)</mx:subfield>
                        <mx:subfield code="z">Tipu's Fort</mx:subfield>
                    </mx:datafield>
                    <mx:datafield ind1=" " ind2=" " tag="551">
                        <mx:subfield code="a">India</mx:subfield>
                        <mx:subfield code="0">(OCoLC)fst01210276</mx:subfield>
                    </mx:datafield>
                    <mx:datafield ind1=" " ind2="0" tag="751">
                        <mx:subfield code="a">Srirangapatna Fort (S&#x301;ri&#x304;ran&#x307;gapat&#x323;t&#x323;an&#x323;a,
                            India)
                        </mx:subfield>
                        <mx:subfield code="0">(DLC)sh2021003864</mx:subfield>
                    </mx:datafield>

                </mx:record>
            </recordData>
            <recordPosition>2</recordPosition>
        </record>