
        <record>
            <recordSchema>default</recordSchema>
            <recordPacking>xml</recordPacking>
            <recordData>
                <mx:record xmlns="http://www.w3.org/TR/xhtml1/strict" xmlns:mx="http://www.loc.gov/MARC21/slim">

                    <mx:leader>00000nz a2200037n 45 0</mx:leader>
                    <mx:controlfield tag="001">fst02029020</mx:controlfield>
                    <mx:controlfield tag="003">OCoLC</mx:controlfield>
                    <mx:controlfield tag="005">20210813135256.0</mx:controlfield>
                    <mx:controlfield tag="008">210813i| anznnbabn || ana d</mx:controlfield>
                    <mx:datafield ind1="7" ind2=" " tag="016">
                        <mx:subfield code="a">fst02029020</mx:subfield>
                        <mx:subfield code="2">OCoLC</mx:subfield>
                    </mx:datafield>
                    <mx:datafield ind1="7" ind2=" " tag="024">
                        <mx:subfield code="a">http://id.worldcat.org/fast/2029020</mx:subfield>
                        <mx:subfield code="2">uri</mx:subfield>
                    </mx:datafield>
                    <mx:datafield ind1=" " ind2=" " tag="040">
                        <mx:subfield code="a">OCoLC</mx:subfield>
                        <mx:subfield code="b">eng</mx:subfield>
                        <mx:subfield code="c">OCoLC</mx:subfield>
                        <mx:subfield code="f">fast</mx:subfield>
                    </mx:datafield>
                    <mx:datafield ind1=" " ind2=" " tag="151">
                        <mx:subfield code="a">India</mx:subfield>
                        <mx:subfield code="z">Srinagar (Jammu and Kashmir)</mx:subfield>
                        <mx:subfield code="z">Shalimar Garden</mx:subfield>
                    </mx:datafield>
                    <mx:datafield ind1=" " ind2=" " tag="451">
                        <mx:subfield code="a">India</mx:subfield>
                        <mx:subfield code="z">Srinagar (Jammu and Kashmir)</mx:subfield>
                        <mx:subfield code="z">Crown of Srinagar</mx:subfield>
                    </mx:datafield>
                    <mx:datafield ind1=" " ind2=" " tag="451">
                        <mx:subfield code="a">India</mx:subfield>
                        <mx:subfield code="z">Srinagar (Jammu and Kashmir)</mx:subfield>
                        <mx:subfield code="z">Faiz Baksh</mx:subfield>
                    </mx:datafield>
                    <mx:datafield ind1=" " ind2=" " tag="451">
                        <mx:subfield code="a">India</mx:subfield>
                        <mx:subfield code="z">Srinagar (Jammu and Kashmir)</mx:subfield>
                        <mx:subfield code="z">Farah Baksh</mx:subfield>
                    </mx:datafield>
                    <mx:datafield ind1=" " ind2=" " tag="451">
                        <mx:subfield code="a">India</mx:subfield>
                        <mx:subfield code="z">Srinagar (Jammu and Kashmir)</mx:subfield>
                        <mx:subfield code="z">Shala Bagh</mx:subfield>
                    </mx:datafield>
                    <mx:datafield ind1=" " ind2=" " tag="451">
                        <mx:subfield code="a">India</mx:subfield>
                        <mx:subfield code="z">Srinagar (Jammu and Kashmir)</mx:subfield>
                        <mx:subfield code="z">Shala Garden</mx:subfield>
                    </mx:datafield>
                    <mx:datafield ind1=" " ind2=" " tag="451">
                        <mx:subfield code="a">India</mx:subfield>
                        <mx:subfield code="z">Srinagar (Jammu and Kashmir)</mx:subfield>
                        <mx:subfield code="z">Sha&#x304;lama&#x304;r Ba&#x304;gh</mx:subfield>
                    </mx:datafield>
                    <mx:datafield ind1=" " ind2=" " tag="451">
                        <mx:subfield code="a">India</mx:subfield>
                        <mx:subfield code="z">Srinagar (Jammu and Kashmir)</mx:subfield>
                        <mx:subfield code="z">Shalamar Garden</mx:subfield>
                    </mx:datafield>
                    <mx:datafield ind1=" " ind2=" " tag="451">
                        <mx:subfield code="a">India</mx:subfield>
                        <mx:subfield code="z">Srinagar (Jammu and Kashmir)</mx:subfield>
                        <mx:subfield code="z">Shalamar Gardens</mx:subfield>
                    </mx:datafield>
                    <mx:datafield ind1=" " ind2=" " tag="451">
                        <mx:subfield code="a">India</mx:subfield>
                        <mx:subfield code="z">Srinagar (Jammu and Kashmir)</mx:subfield>
                        <mx:subfield code="z">Shalimar Bagh</mx:subfield>
                    </mx:datafield>
                    <mx:datafield ind1=" " ind2=" " tag="451">
                        <mx:subfield code="a">India</mx:subfield>
                        <mx:subfield code="z">Srinagar (Jammu and Kashmir)</mx:subfield>
                        <mx:subfield code="z">Shalimar Gardens</mx:subfield>
                    </mx:datafield>
                    <mx:datafield ind1=" " ind2=" " tag="451">
                        <mx:subfield code="a">India</mx:subfield>
                        <mx:subfield code="z">Srinagar (Jammu and Kashmir)</mx:subfield>
                        <mx:subfield code="z">Shalimar Mughal Garden</mx:subfield>
                    </mx:datafield>
                    <mx:datafield ind1=" " ind2=" " tag="551">
                        <mx:subfield code="a">India</mx:subfield>
                        <mx:subfield code="0">(OCoLC)fst01210276</mx:subfield>
                    </mx:datafield>
                    <mx:datafield ind1=" " ind2="0" tag="751">
                        <mx:subfield code="a">Shalimar Garden (Srinagar, Jammu and Kashmir, India)</mx:subfield>
                        <mx:subfield code="0">(DLC)sh2021001607</mx:subfield>
                    </mx:datafield>

                </mx:record>
            </recordData>
            <recordPosition>3</recordPosition>
        </record>
    </records>
    <nextRecordPosition>4</nextRecordPosition>
    <echoedSearchRetrieveRequest xmlns:ns2="http://www.loc.gov/zing/srw/">
        <version>1.1</version>
        <query>cql.any all &quot;india&quot;</query>
        <xQuery>
            <ns3:searchClause xmlns:ns3="http://www.loc.gov/zing/cql/xcql/">
                <ns3:index>cql.any</ns3:index>
                <ns3:relation>
                    <ns3:value>all</ns3:value>
                </ns3:relation>
                <ns3:term>india</ns3:term>
            </ns3:searchClause>
        </xQuery>
        <startRecord>1</startRecord>
        <maximumRecords>3</maximumRecords>
        <recordSchema>default</recordSchema>
    </echoedSearchRetrieveRequest>
    <extraResponseData xmlns:ns4="http://www.loc.gov/zing/srw/">
        <ns5:extraData xmlns="http://oclc.org/srw/extraData" xmlns:ns5="http://oclc.org/srw/extraData">
            <ns2:componentResults count="2" xmlns="info:srw/extension/5/componentResults"
                                  xmlns:ns2="info:srw/extension/5/componentResults">
                <ns2:componentResult count="8098" databaseName="fastmain">
                    <ns2:link>http://experimental.worldcat.org/fast/search/fastmain?operation=searchRetrieve&amp;maximumRecords=3&amp;query=&quot;cql.any%20all%20%22india%22&quot;&amp;startRecord=1</ns2:link>
                </ns2:componentResult>
                <ns2:componentResult count="0" databaseName="form">
                    <ns2:link>http://experimental.worldcat.org/fast/search/form?operation=searchRetrieve&amp;maximumRecords=3&amp;query=&quot;cql.any%20all%20%22india%22&quot;&amp;startRecord=1</ns2:link>
                </ns2:componentResult>
            </ns2:componentResults>
            <ns5:databaseTitle>FAST: Faceted Application of Subject Terminology File</ns5:databaseTitle>
        </ns5:extraData>
    </extraResponseData>
</searchRetrieveResponse>
